<?xml version="1.0" encoding="UTF-8"?><record xmlns="http://www.loc.gov/MARC21/slim" xmlns:cinclude="http://apache.org/cocoon/include/1.0" xmlns:zs="http://www.loc.gov/zing/srw/">
  <leader>00398cz  a2200121n  4500</leader>
  <controlfield tag="001">n  00089727 </controlfield>
  <controlfield tag="003">DLC</controlfield>
  <controlfield tag="005">20000526145443.0</controlfield>
  <controlfield tag="008">000526n| acannaabn          |n aaa      </controlfield>
  <datafield tag="010" ind1=" " ind2=" ">
    <subfield code="a">n  00089727 </subfield>
  </datafield>
  <datafield tag="040" ind1=" " ind2=" ">
    <subfield code="a">DLC</subfield>
    <subfield code="b">eng</subfield>
    <subfield code="c">DLC</subfield>
  </datafield>
  <datafield tag="100" ind1="1" ind2=" ">
    <subfield code="a">Stephens, Steven Scott,</subfield>
    <subfield code="d">1957-</subfield>
  </datafield>
  <datafield tag="670" ind1=" " ind2=" ">
    <subfield code="a">Stephens, Steven Scott. The uncertainty of legal rights, 2000:</subfield>
    <subfield code="b">CIP t.p. (Steven Scott Stephens) data sheet (b. Aug. 19, 1957)</subfield>
  </datafield>
</record>